@misc{dry_bean_dataset,
  title        = {{Dry Bean}},
  year         = {2020},
  howpublished = {UCI Repository},
  note         = {{DOI}: https://doi.org/10.24432/C50S4B}
}